@ARTICLE{bouchard2001,
    author = {Thomas J. Bouchard, Jr. and John C. Loehlin},
    title = "Genes, Evolution, and Personality",
    journal = "Behavior Genetics",
    volume = "31",
    number = "3",
    pages = "243-273",
    year = "2001"
}
@ARTICLE{hexaco2016,
    author = {Reinout E. de Vries and Joshua M. Tybur and Thomas V. Pollet and Mark van Vugt},
    title = "Evolution, situational affordances, and the HEXACO model of personality",
    journal = "Evolution and Human Behavior",
    volume = "37",
    number = "5",
    pages = "407-421",
    year = "2016"
}
@ARTICLE{pathogens2008,
    author = {Mark Schaller and Damian R. Murray},
    title = "Pathogens, Personality, and Culture: Disease Prevalence Predicts Worldwide Variability in Sociosexuality, Extraversion, and Openness to Experience",
    journal = "Journal of Personality and Social Psychology",
    volume = "95",
    number = "1",
    pages = "212-221",
    year = "2008"
}
@ARTICLE{animal2001,
    author = {Samuel D. Gosling},
    title = "From Mice to Men: What Can We Learn About Personality From Animal Research?",
    journal = "Psychological Bulletin",
    volume = "127",
    number = "1", 
    pages = "45-86",
    year = "2001"
}
@ARTICLE{personalityFitness2018,
    author = {Janko Mededovi\'{c} and Mina \v{S}oljaga and Ana Stojkovi\'{c} and Ivana Gojevi\'{c}},
    title = "Revealing complex relations between personality and fitness: HEXACO personality traits, life-time reproductive success and the age at first birth",
    journal = "Personality and Individual Differences",
    volume = "129",
    pages = "143-148",
    year = "2018"
}
@ARTICLE{fiveCultures1999,
    author = {Robert R. McCrae and Paul T. Costa, Jr. and Margarida Pedroso de Lima and Ant\'{o}nio Sim\~{o}nes and Fritz Ostendorf and Alois Angleitner and Iris Maru\v{s}i\'{c} and Denis Bratko and Gian Vittorio Caprara and Claudio Barbaranelli and Joon-Ho Chae and Ralph L. Piedmont},
    title = "Age Differences in Personality Across the Adult Life Span: Parallels in Five Cultures",
    journal = "Developmental Psychology",
    volume = "35",
    number = "2",
    pages = "466-477",
    year = "1999"
}
@ARTICLE{rainbow2011,
    author = {Mathieu Coll\'{e}ter and Culum Brown},
    title = "Personality traits predict hierarchy rank in male rainbowfish social groups",
    year = "2011",
    journal = "Animal Behaviour",
    volume = "81",
    number = "6",
    pages = "1231-1237",
}
@ARTICLE{lobster1997,
    author = {Donald H. Edwards and Edward A. Kravitz},
    title = "Serotonin, social status and aggression",
    year = "1997",
    journal = "Current Opinion in Neurobiology",
    volume = "7",
    number = "6",
    pages = "812-819"
}
@ARTICLE{cultureClash2006,
    author = {Catherine L. Caldwell-Harris and Ayse Ay\c{c}i\c{c}egi},
    title = "When Personality and Culture Clash: The Psychological Distress of Allocentrics in an Individualist Culture and Idiocentrics in a Collectivist Culture",
    year = "2006",
    journal = "Transcultural Psychiatry",
    volume = "43",
    number = "3",
    pages = "331-361
}
@ARTICLE{gameTheory1999,
    author = {Karl Sigmund and Martin A. Nowak},
    title = "Evolutionary game theory",
    journal = "Current Biology",
    volume = "9",
    number = "14",
    pages = "503-505",
    year = "1999"
}
@ARTICLE{bigOne2007,
    author = {Janek Musek},
    title = "A general factor of personality: Evidence for the Big One in the five-factor model",
    journal = "Journal of Research in Personality",
    volume = "41",
    number = "6",
    year = "2007",
    pages = "1213-1233"
}
@ARTICLE{bigTwo2006,
    author = {C. G. DeYoung},
    title = "Higher-order factors of the Big Five in a multi-informant sample",
    year = "2006",
    journal = "Journal of Personality and Social Psychology",
    volume = "91",
    number = "6",
    pages = "1138-1151"
}